@article{betts2019translational,
	title={A translational quantitative systems pharmacology model for CD3 bispecific molecules: application to quantify T cell-mediated tumor cell killing by P-cadherin LP DART{\textregistered}},
	author={Betts, Alison and Haddish-Berhane, Nahor and Shah, Dhaval K and van der Graaf, Piet H and Barletta, Frank and King, Lindsay and Clark, Tracey and Kamperschroer, Cris and Root, Adam and Hooper, Andrea and others},
	journal={The AAPS journal},
	volume={21},
	number={4},
	pages={1--16},
	year={2019},
	publisher={Springer}
}

@article{thurber2012mechanistic,
	title={A mechanistic compartmental model for total antibody uptake in tumors},
	author={Thurber, Greg M and Wittrup, K Dane},
	journal={Journal of theoretical biology},
	volume={314},
	pages={57--68},
	year={2012},
	publisher={Elsevier}
}

@article{miao2011identifiability,
	title={On identifiability of nonlinear ODE models and applications in viral dynamics},
	author={Miao, Hongyu and Xia, Xiaohua and Perelson, Alan S and Wu, Hulin},
	journal={SIAM review},
	volume={53},
	number={1},
	pages={3--39},
	year={2011},
	publisher={SIAM}
}

@article{simeoni2004predictive,
	title={Predictive pharmacokinetic-pharmacodynamic modeling of tumor growth kinetics in xenograft models after administration of anticancer agents},
	author={Simeoni, Monica and Magni, Paolo and Cammia, Cristiano and De Nicolao, Giuseppe and Croci, Valter and Pesenti, Enrico and Germani, Massimiliano and Poggesi, Italo and Rocchetti, Maurizio},
	journal={Cancer research},
	volume={64},
	number={3},
	pages={1094--1101},
	year={2004},
	publisher={AACR}
}

@article{raue2015data2dynamics,
	title={Data2Dynamics: a modeling environment tailored to parameter estimation in dynamical systems},
	author={Raue, Andreas and Steiert, Bernhard and Schelker, Max and Kreutz, Clemens and Maiwald, Tim and Hass, Helge and Vanlier, Joep and T{\"o}nsing, Christian and Adlung, Lorenz and Engesser, Raphael and others},
	journal={Bioinformatics},
	volume={31},
	number={21},
	pages={3558--3560},
	year={2015},
	publisher={Oxford University Press}
}

@article{parra2020pdeparams,
	title={PDEparams: Parameter fitting toolbox for partial differential equations in python},
	author={Parra-Rojas, C{\'e}sar and Hernandez-Vargas, Esteban A},
	journal={Bioinformatics},
	volume={36},
	number={8},
	pages={2618--2619},
	year={2020},
	publisher={Oxford University Press}
}

@article{hong2019sian,
	title={SIAN: software for structural identifiability analysis of ODE models},
	author={Hong, Hoon and Ovchinnikov, Alexey and Pogudin, Gleb and Yap, Chee},
	journal={Bioinformatics},
	volume={35},
	number={16},
	pages={2873--2874},
	year={2019},
	publisher={Oxford University Press}
}